@inproceedings{Pentland1,
  author    = {Alex Pentland},
  title     = {Honest signals: how social networks shape human behavior},
  booktitle = {ACM Multimedia},
  year      = {2011},
  pages     = {583-584},
  ee        = {http://doi.acm.org/10.1145/2072298.2072374},
  crossref  = {DBLP:conf/mm/2011},
  bibsource = {DBLP, http://dblp.uni-trier.de}
}

@article{Andreeva,
  author={J Andreeva and S Belov and A Berejnoj and C Cirstoiu and Y Chen and T Chen and S Chiu and M D F D Miguel and A Ivanchenko and B
Gaidioz and J Herrala and M Janulis and O Kodolova and G Maier and E J Maguire and C Munro and R P Rivera and R Rocha and P Saiz and I
Sidorova and F Tsai and E Tikhonenko and E Urbah},
  title={Dashboard for the LHC experiments},
  journal={Journal of Physics: Conference Series},
  volume={119},
  number={6},
  pages={062008},
  url={http://stacks.iop.org/1742-6596/119/i=6/a=062008},
  year={2008}
}

@article{Bauer,
 author = {Bauer, Frank and Pereverzev, Sergei and Rosasco, Lorenzo},
 title = {On regularization algorithms in learning theory},
 journal = {J. Complex.},
 issue_date = {February, 2007},
 volume = {23},
 number = {1},
 month = feb,
 year = {2007},
 issn = {0885-064X},
 pages = {52--72},
 numpages = {21},
 url = {http://dx.doi.org/10.1016/j.jco.2006.07.001},
 doi = {10.1016/j.jco.2006.07.001},
 acmid = {1225988},
 publisher = {Academic Press, Inc.},
 address = {Orlando, FL, USA},
 keywords = {Learning theory, Non-parametric statistics, Regularization theory},
} 

@ARTICLE{Poggio,
    author = {Tomaso Poggio and Steve Smale},
    title = {The Mathematics of Learning: Dealing with Data},
    journal = {Notices of the American Mathematical Society},
    year = {2003},
    volume = {50},
    pages = {2003}
}

@inproceedings{Rakthanmanon,
  author    = {Thanawin Rakthanmanon and
               Bilson J. L. Campana and
               Abdullah Mueen and
               Gustavo E. A. P. A. Batista and
               M. Brandon Westover and
               Qiang Zhu and
               Jesin Zakaria and
               Eamonn J. Keogh},
  title     = {Searching and mining trillions of time series subsequences
               under dynamic time warping},
  booktitle = {KDD},
  year      = {2012},
  pages     = {262-270},
  ee        = {http://doi.acm.org/10.1145/2339530.2339576},
  crossref  = {DBLP:conf/kdd/2012},
  bibsource = {DBLP, http://dblp.uni-trier.de}
}

@book{AthreyaNey,
  added-at = {2010-03-29T07:56:01.000+0200},
  author = {Athreya, K.B. and Ney, PE},
  biburl = {http://www.bibsonomy.org/bibtex/2161875685784f6f68ee50f3c5f3c34e8/peter.ralph},
  description = {Athreya and Ney},
  interhash = {2e84ceaa70eea2166da74a5b1783a69f},
  intrahash = {161875685784f6f68ee50f3c5f3c34e8},
  keywords = {branching_processes reference},
  publisher = {Dover Publications},
  timestamp = {2010-03-29T07:56:01.000+0200},
  title = {{Branching processes}},
  year = 2004
}


@MISC{Lenser,
    author = {Scott Lenser and Manuela Veloso},
    title = {Non-Parametric Time Series Classification},
    year = {2005}
}

@MISC{Shtatland,
    author = {Ernest S. Shtatl and Timur Shtatland},
    title = {Another Look at Low-Order Autoregressive Models in Early Detection of Epidemic Outbreaks and Explosive Behaviors in Economic and Financial Time Series},
    year = {}
}

@article{Munaga, author = {Hazarath Munaga and M. D. R. Mounica Sree and J. V. R. Murthy}, title = {Article: DenTrac: A Density based Trajectory Clustering Tool}, journal = {International Journal of Computer Applications}, year = {2012}, volume = {41}, number = {10}, pages = {17-21}, month = {March}, note = {Published by Foundation of Computer Science, New York, USA} }

@MISC{McNames,
    author = {James McNames},
    title = {A Nearest Trajectory Strategy for Time Series Prediction},
    year = {1998}
}

@inproceedings{Gaffney,
 author = {Gaffney, Scott and Smyth, Padhraic},
 title = {Trajectory clustering with mixtures of regression models},
 booktitle = {Proceedings of the fifth ACM SIGKDD international conference on Knowledge discovery and data mining},
 series = {KDD '99},
 year = {1999},
 isbn = {1-58113-143-7},
 location = {San Diego, California, United States},
 pages = {63--72},
 numpages = {10},
 url = {http://doi.acm.org/10.1145/312129.312198},
 doi = {10.1145/312129.312198},
 acmid = {312198},
 publisher = {ACM},
 address = {New York, NY, USA},
} 

@inproceedings{Kleinberg,
 author = {Kleinberg, Jon},
 title = {Bursty and hierarchical structure in streams},
 booktitle = {Proceedings of the eighth ACM SIGKDD international conference on Knowledge discovery and data mining},
 series = {KDD '02},
 year = {2002},
 isbn = {1-58113-567-X},
 location = {Edmonton, Alberta, Canada},
 pages = {91--101},
 numpages = {11},
 url = {http://doi.acm.org/10.1145/775047.775061},
 doi = {10.1145/775047.775061},
 acmid = {775061},
 publisher = {ACM},
 address = {New York, NY, USA},
} 


@inproceedings{Gruhl,
  author    = {Daniel Gruhl and
               Ramanathan V. Guha and
               David Liben-Nowell and
               Andrew Tomkins},
  title     = {Information diffusion through blogspace},
  booktitle = {WWW},
  year      = {2004},
  pages     = {491-501},
  ee        = {http://doi.acm.org/10.1145/988672.988739},
  crossref  = {DBLP:conf/www/2004},
  bibsource = {DBLP, http://dblp.uni-trier.de}
}
@inproceedings{Asur,
  author    = {Sitaram Asur and
               Bernardo A. Huberman and
               G{\'a}bor Szab{\'o} and
               Chunyan Wang},
  title     = {Trends in Social Media: Persistence and Decay},
  booktitle = {ICWSM},
  year      = {2011},
  ee        = {http://www.aaai.org/ocs/index.php/ICWSM/ICWSM11/paper/view/2815},
  crossref  = {DBLP:conf/icwsm/2011},
  bibsource = {DBLP, http://dblp.uni-trier.de}
}

@inproceedings{Mathioudakis,
 author = {Mathioudakis, Michael and Koudas, Nick},
 title = {TwitterMonitor: trend detection over the twitter stream},
 booktitle = {Proceedings of the 2010 ACM SIGMOD International Conference on Management of data},
 series = {SIGMOD '10},
 year = {2010},
 isbn = {978-1-4503-0032-2},
 location = {Indianapolis, Indiana, USA},
 pages = {1155--1158},
 numpages = {4},
 url = {http://doi.acm.org/10.1145/1807167.1807306},
 doi = {10.1145/1807167.1807306},
 acmid = {1807306},
 publisher = {ACM},
 address = {New York, NY, USA},
 keywords = {social media analysis, trend detection},
} 


@inproceedings{Cataldi,
 author = {Cataldi, Mario and Di Caro, Luigi and Schifanella, Claudio},
 title = {Emerging topic detection on Twitter based on temporal and social terms evaluation},
 booktitle = {Proceedings of the Tenth International Workshop on Multimedia Data Mining},
 series = {MDMKDD '10},
 year = {2010},
 isbn = {978-1-4503-0220-3},
 location = {Washington, D.C.},
 pages = {4:1--4:10},
 articleno = {4},
 numpages = {10},
 url = {http://doi.acm.org/10.1145/1814245.1814249},
 doi = {10.1145/1814245.1814249},
 acmid = {1814249},
 publisher = {ACM},
 address = {New York, NY, USA},
 keywords = {aging theory, text analysis, topic detection},
} 


@inproceedings{Becker,
  author    = {Hila Becker and
               Mor Naaman and
               Luis Gravano},
  title     = {Beyond Trending Topics: Real-World Event Identification
               on Twitter},
  booktitle = {ICWSM},
  year      = {2011},
  ee        = {http://www.aaai.org/ocs/index.php/ICWSM/ICWSM11/paper/view/2745},
  crossref  = {DBLP:conf/icwsm/2011},
  bibsource = {DBLP, http://dblp.uni-trier.de}
}

@inproceedings{Ihler,
 author = {Ihler, Alexander and Hutchins, Jon and Smyth, Padhraic},
 title = {Adaptive event detection with time-varying poisson processes},
 booktitle = {Proceedings of the 12th ACM SIGKDD international conference on Knowledge discovery and data mining},
 series = {KDD '06},
 year = {2006},
 isbn = {1-59593-339-5},
 location = {Philadelphia, PA, USA},
 pages = {207--216},
 numpages = {10},
 url = {http://doi.acm.org/10.1145/1150402.1150428},
 doi = {10.1145/1150402.1150428},
 acmid = {1150428},
 publisher = {ACM},
 address = {New York, NY, USA},
 keywords = {Markov modulated, event detection, poisson},
} 

@article{Halevy,
  added-at = {2009-09-25T11:42:41.000+0200},
  address = {Los Alamitos, CA, USA},
  author = {Halevy, Alon and Norvig, Peter and Pereira, Fernando},
  biburl = {http://www.bibsonomy.org/bibtex/2ea313c2efcaa4b17e5bed2b11693abfd/wnpxrz},
  description = {The Unreasonable Effectiveness of Data},
  doi = {http://doi.ieeecomputersociety.org/10.1109/MIS.2009.36},
  interhash = {d08a7d9e7d72d8a7f5fe1e602f79409c},
  intrahash = {ea313c2efcaa4b17e5bed2b11693abfd},
  issn = {1541-1672},
  journal = {IEEE Intelligent Systems},
  keywords = {data google imported machinelearning proj:0915},
  number = 2,
  pages = {8-12},
  publisher = {IEEE Computer Society},
  timestamp = {2009-09-25T11:42:41.000+0200},
  title = {The Unreasonable Effectiveness of Data},
  url = {http://www.computer.org/portal/cms_docs_intelligent/intelligent/homepage/2009/x2exp.pdf},
  volume = 24,
  year = 2009
}


@inproceedings{Xu,
  author    = {Danqing Xu and
               Yiqun Liu and
               Min Zhang and
               Shaoping Ma and
               Anqi Cui and
               Liyun Ru},
  title     = {Predicting Epidemic Tendency through Search Behavior Analysis},
  booktitle = {IJCAI},
  year      = {2011},
  pages     = {2361-2366},
  ee        = {http://ijcai.org/papers11/Papers/IJCAI11-393.pdf},
  crossref  = {DBLP:conf/ijcai/2011},
  bibsource = {DBLP, http://dblp.uni-trier.de}
}

@article{Wagner,
  author    = {Michael M. Wagner and
               J. Michael Robinson and
               Fu-Chiang Tsui and
               Jeremy U. Espino and
               William R. Hogan},
  title     = {Application of Information Technology: Design of a National
               Retail Data Monitor for Public Health Surveillance},
  journal   = {JAMIA},
  volume    = {10},
  number    = {5},
  year      = {2003},
  pages     = {409-418},
  ee        = {http://dx.doi.org/10.1197/jamia.M1357},
  bibsource = {DBLP, http://dblp.uni-trier.de}
}

@inproceedings{Pentland2,
  author    = {Alex Pentland and
               Pamela Hinds and
               Taemie Kim},
  title     = {Awareness as an antidote to distance: making distributed
               groups cooperative and consistent},
  booktitle = {CSCW},
  year      = {2012},
  pages     = {1237-1246},
  ee        = {http://doi.acm.org/10.1145/2145204.2145391},
  crossref  = {DBLP:conf/cscw/2012c},
  bibsource = {DBLP, http://dblp.uni-trier.de}
}


@inproceedings{Altschuler,
  author    = {Yaniv Altshuler and
               Wei Pan and
               Alex Pentland},
  title     = {Trends Prediction Using Social Diffusion Models},
  booktitle = {SBP},
  year      = {2012},
  pages     = {97-104},
  ee        = {http://dx.doi.org/10.1007/978-3-642-29047-3_12},
  crossref  = {DBLP:conf/sbp/2012},
  bibsource = {DBLP, http://dblp.uni-trier.de}