@article{Zhao,
  author    = {Siqi Zhao and
               Lin Zhong and
               Jehan Wickramasuriya and
               Venu Vasudevan},
  title     = {Human as Real-Time Sensors of Social and Physical Events:
               A Case Study of Twitter and Sports Games},
  journal   = {CoRR},
  volume    = {abs/1106.4300},
  year      = {2011},
  ee        = {http://arxiv.org/abs/1106.4300},
  bibsource = {DBLP, http://dblp.uni-trier.de}
}

@article{spike1,
  author = {@twitter},
  title = {To Trend or Not to Trend},
  year = {2010},
  note = "\url{http://blog.twitter.com/2010/12/to-trend-or-not-to-trend.html} (accessed 9 September, 2012)"
}

@inproceedings{spike2,
 author = {Mathioudakis, Michael and Koudas, Nick},
 title = {TwitterMonitor: Trend Detection Over the Twitter Stream},
 booktitle = {Proceedings of the 2010 ACM SIGMOD International Conference on Management of Data},
 series = {SIGMOD '10},
 year = {2010},
 isbn = {978-1-4503-0032-2},
 location = {Indianapolis, Indiana, USA},
 pages = {1155--1158},
 numpages = {4},
 url = {http://doi.acm.org/10.1145/1807167.1807306},
 doi = {10.1145/1807167.1807306},
 acmid = {1807306},
 publisher = {ACM},
 address = {New York, NY, USA},
 keywords = {social media analysis, trend detection},
} 
